<record><leader>00000cas a2200000 a 4500</leader><controlfield tag="001">27717050</controlfield><controlfield tag="008">930311d187418uuiludn ne      0   a0eng c</controlfield><datafield ind1=" " ind2=" " tag="010"><subfield code="a">sn 93055468 </subfield></datafield><datafield ind1=" " ind2=" " tag="040"><subfield code="a">NVF</subfield><subfield code="b">eng</subfield><subfield code="c">NVF</subfield><subfield code="d">OCLCQ</subfield><subfield code="d">NVF</subfield><subfield code="d">OCLCQ</subfield><subfield code="d">NVF</subfield><subfield code="d">DLC</subfield><subfield code="d">OCLCF</subfield><subfield code="d">OCLCO</subfield></datafield><datafield ind1="1" ind2=" " tag="029"><subfield code="a">AU@</subfield><subfield code="b">000020724745</subfield></datafield><datafield ind1=" " ind2=" " tag="042"><subfield code="a">pcc</subfield></datafield><datafield ind1=" " ind2=" " tag="043"><subfield code="a">n-us-il</subfield></datafield><datafield ind1="0" ind2=" " tag="130"><subfield code="a">Daily chief (Cambridge, Ill.)</subfield></datafield><datafield ind1="1" ind2="4" tag="245"><subfield code="a">The Daily chief.</subfield></datafield><datafield ind1=" " ind2=" " tag="260"><subfield code="a">Cambridge, Ill. :</subfield><subfield code="b">B.W. Seaton</subfield></datafield><datafield ind1=" " ind2=" " tag="300"><subfield code="a">v.</subfield></datafield><datafield ind1=" " ind2=" " tag="310"><subfield code="a">Daily (during annual Henry County Fair)</subfield></datafield><datafield ind1="1" ind2=" " tag="362"><subfield code="a">Began in 1874?</subfield></datafield><datafield ind1=" " ind2=" " tag="580"><subfield code="a">Weekly ed.: Prairie chief (Cambridge, Ill.), &lt;1875&gt;</subfield></datafield><datafield ind1=" " ind2=" " tag="588"><subfield code="a">Description based on: Vol. 2, no. 1 (Aug. 24, 1875).</subfield></datafield><datafield ind1=" " ind2=" " tag="588"><subfield code="a">Latest issue consulted: &lt;Vol. 2, no. 4&gt; (Aug. 27, 1875).</subfield></datafield><datafield ind1=" " ind2="0" tag="650"><subfield code="a">Agricultural exhibitions</subfield><subfield code="z">Illinois</subfield><subfield code="z">Henry County</subfield><subfield code="v">Newspapers.</subfield></datafield><datafield ind1=" " ind2="0" tag="651"><subfield code="a">Henry County (Ill.)</subfield><subfield code="v">Newspapers.</subfield></datafield><datafield ind1=" " ind2="7" tag="655"><subfield code="a">Newspapers.</subfield><subfield code="2">fast</subfield><subfield code="0">(OCoLC)fst01423814</subfield></datafield><datafield ind1=" " ind2="7" tag="650"><subfield code="a">Agricultural exhibitions.</subfield><subfield code="2">fast</subfield><subfield code="0">(OCoLC)fst00800761</subfield></datafield><datafield ind1=" " ind2="7" tag="651"><subfield code="a">Illinois</subfield><subfield code="z">Henry County.</subfield><subfield code="2">fast</subfield><subfield code="0">(OCoLC)fst01214993</subfield></datafield><datafield ind1=" " ind2=" " tag="752"><subfield code="a">United States</subfield><subfield code="b">Illinois</subfield><subfield code="c">Henry</subfield><subfield code="d">Cambridge.</subfield></datafield><datafield ind1="1" ind2=" " tag="775"><subfield code="t">Prairie chief (Cambridge, Ill.)</subfield><subfield code="w">(DLC)sn 85033420</subfield><subfield code="w">(OCoLC)11956502</subfield></datafield></record>